@Misc{Ramachandran2017,
  author    = {Ramachandran, Prajit and Zoph, Barret and Le, Quoc V.},
  title     = {Searching for Activation Functions},
  year      = {2017},
  copyright = {arXiv.org perpetual, non-exclusive license},
  doi       = {10.48550/ARXIV.1710.05941},
  keywords  = {Neural and Evolutionary Computing (cs.NE), Computer Vision and Pattern Recognition (cs.CV), Machine Learning (cs.LG), FOS: Computer and information sciences, FOS: Computer and information sciences},
  publisher = {arXiv},
}

@inproceedings{hasani2021liquid,
  title={Liquid time-constant networks},
  author={Hasani, Ramin and Lechner, Mathias and Amini, Alexander and Rus, Daniela and Grosu, Radu},
  booktitle={Proceedings of the AAAI Conference on Artificial Intelligence},
  volume={35},
  number={9},
  pages={7657--7666},
  year={2021}
}

@article{taylor2018forecasting,
  title={Forecasting at scale},
  author={Taylor, Sean J and Letham, Benjamin},
  journal={The American Statistician},
  volume={72},
  number={1},
  year={2018},
  publisher={Taylor and Francis}
}

@article{HyndmanR,
  author = {Hyndman, R.J. and Athanasopoulos, G.},
  title = {Forecasting: Principles and Practice, 3rd edition},
  year = {2021},
  publisher = {OTexts},
  address = {Melbourne, Australia}
}
