@Misc{Ramachandran2017,
  author    = {Ramachandran, Prajit and Zoph, Barret and Le, Quoc V.},
  title     = {Searching for Activation Functions},
  year      = {2017},
  copyright = {arXiv.org perpetual, non-exclusive license},
  doi       = {10.48550/ARXIV.1710.05941},
  keywords  = {Neural and Evolutionary Computing (cs.NE), Computer Vision and Pattern Recognition (cs.CV), Machine Learning (cs.LG), FOS: Computer and information sciences, FOS: Computer and information sciences},
  publisher = {arXiv},
}

@Misc{Hasani2020,
  author    = {Hasani, Ramin and Lechner, Mathias and Amini, Alexander and Rus, Daniela and Grosu, Radu},
  title     = {Liquid Time-constant Networks},
  year      = {2020},
  copyright = {Creative Commons Attribution 4.0 International},
  doi       = {10.48550/ARXIV.2006.04439},
  keywords  = {Machine Learning (cs.LG), Neural and Evolutionary Computing (cs.NE), Machine Learning (stat.ML), FOS: Computer and information sciences, FOS: Computer and information sciences},
  publisher = {arXiv},
}

@Comment{jabref-meta: databaseType:bibtex;}